@misc{rulebook_2016,
    author = {Loy van Beek AND Kai Chen AND Dirk Holz AND Loreto
              Martinez Luz Sanchez AND Mauricio Matamoros AND
              Hideoki Nagano AND Caleb Rascon AND Josemar
              Rodrigues de Souza AND Maja Rudinac AND Sven Wachsmuth},
    title = {{RoboCup@Home 2016: Rules and Regulations}},
    year = 2016,
    howpublished = {\url{http://www.robocupathome.org/rules/2016_rulebook.pdf}},
}

@article{wisspeintner2009robocup,
  title={RoboCup@Home: Scientific competition and benchmarking for domestic service robots},
  author={Wisspeintner, Thomas and Van Der Zant, Tijn and Iocchi, Luca and Schiffer, Stefan},
  journal={Interaction Studies},
  year={2009},
}

@article{Sanner_RDDL,
  title={Relational Dynamic Influence Diagram Language (RDDL): Language Description},
  author={Sanner, Scott},
  journal={Unpublished ms. Australian National University},
  pages={32},
  year={2010}
}

@inproceedings{littman1995complexity,
  title={On the complexity of solving Markov decision problems},
  author={Littman, Michael L and Dean, Thomas L and Kaelbling, Leslie Pack},
  booktitle={Proceedings of the Eleventh conference on Uncertainty in artificial intelligence},
  year={1995},
}

@article{second_complexity,
  title={The complexity of Markov decision processes},
  author={Papadimitriou, Christos H and Tsitsiklis, John N},
  journal={Mathematics of operations research},
  volume={12},
  number={3},
  pages={441--450},
  year={1987},
  publisher={INFORMS}
}


@article{younes2004ppddl1,
  title={PPDDL1. 0: An extension to PDDL for expressing planning domains with probabilistic effects},
  author={Younes, H{\aa}kan LS and Littman, Michael L},
  journal={Techn. Rep. CMU-CS-04-162},
  year={2004}
}

@inproceedings{nitti2015planning,
  title={Planning in discrete and continuous Markov decision processes by probabilistic programming},
  author={Nitti, Davide and Belle, Vaishak and De Raedt, Luc},
  booktitle={Joint European Conference on Machine Learning and Knowledge Discovery in Databases},
  year={2015},
  organization={Springer}
}

@inproceedings{Colmerauer1993,
  title={The birth of Prolog},
  author={Colmerauer, Alain and Roussel, Philippe},
  booktitle={History of programming languages---II},
  pages={331--367},
  year={1996},
  organization={ACM}
}

@article{mnih2015human,
  title={Human-level control through deep reinforcement learning},
  author={Mnih, Volodymyr and Kavukcuoglu, Koray and Silver, David and Rusu, Andrei A and Veness, Joel and Bellemare, Marc G and Graves, Alex and Riedmiller, Martin and Fidjeland, Andreas K and Ostrovski, Georg and others},
  journal={Nature},
  volume={518},
  number={7540},
  pages={529--533},
  year={2015},
  publisher={Nature Research}
}

@article{mnih2013playing,
  title={Playing atari with deep reinforcement learning},
  author={Mnih, Volodymyr and Kavukcuoglu, Koray and Silver, David and Graves, Alex and Antonoglou, Ioannis and Wierstra, Daan and Riedmiller, Martin},
  journal={arXiv preprint arXiv:1312.5602},
  year={2013}
}

@book{Sutton1998,
  title={Reinforcement learning: An introduction},
  author={Sutton, Richard S and Barto, Andrew G},
  volume={1},
  number={1},
  year={1998},
  publisher={MIT press Cambridge}
}

@article{bertsekas1987dynamic,
  title={Dynamic Programming: Deterministic and Stochastic Models},
  author={Bertsekas, Dimitri P},
  journal={Prentice-Hall},
  year={1987}
}

@article{bertsekasneuro,
  title={Neuro-Dynamic Programming},
  author={Bertsekas, Dimitri P and Tsitsiklis, John N.},
  journal={Athena Scientific},
  year={1996}
}

@article{russell1995modern,
  title={Artificial Intelligence: A modern approach},
  author={Russell, Stuart and Norvig, Peter},
  journal={Prentice-Hall},
  year={2009}
}

@article{boutilier1999decision,
  title={Decision-theoretic planning: Structural assumptions and computational leverage},
  author={Boutilier, Craig and Dean, Thomas and Hanks, Steve},
  journal={Journal of Artificial Intelligence Research},
  volume={11},
  number={1},
  pages={94},
  year={1999}
}

@inproceedings{nitti2013particle,
  title={A particle filter for hybrid relational domains},
  author={Nitti, Davide and De Laet, Tinne and De Raedt, Luc},
  booktitle={Intelligent Robots and Systems (IROS), 2013 IEEE/RSJ International Conference on},
  pages={2764--2771},
  year={2013},
  organization={IEEE}
}

@inproceedings{nitti2014relational,
  title={Relational object tracking and learning},
  author={Nitti, Davide and De Laet, Tinne and De Raedt, Luc},
  booktitle={Robotics and Automation (ICRA), 2014 IEEE International Conference on},
  pages={935--942},
  year={2014},
  organization={IEEE}
}

@article{nitti2016probabilistic,
  title={Probabilistic logic programming for hybrid relational domains},
  author={Nitti, Davide and De Laet, Tinne and De Raedt, Luc},
  journal={Machine Learning},
  volume={103},
  number={3},
  pages={407--449},
  year={2016},
  publisher={Springer}
}

@article{moldovan2017relational,
  title={Relational affordances for multiple-object manipulation},
  author={Moldovan, Bogdan and Moreno, Plinio and Nitti, Davide and Santos-Victor, Jos{\'e} and De Raedt, Luc},
  journal={Autonomous Robots},
  pages={1--26},
  year={2017},
  publisher={Springer}
}

@inproceedings{veiga2016efficient,
  title={Efficient object search for mobile robots in dynamic environments: Semantic map as an input for the decision maker},
  author={Veiga, Tiago S and Miraldo, Pedro and Ventura, Rodrigo and Lima, Pedro U},
  booktitle={Intelligent Robots and Systems (IROS), 2016 IEEE/RSJ International Conference on},
  pages={2745--2750},
  year={2016},
  organization={IEEE}
}

@inproceedings{antunes2016human,
  title={From human instructions to robot actions: Formulation of goals, affordances and probabilistic planning},
  author={Antunes, Alexandre and Jamone, Lorenzo and Saponaro, Giovanni and Bernardino, Alexandre and Ventura, Rodrigo},
  booktitle={Robotics and Automation (ICRA), 2016 IEEE International Conference on},
  pages={5449--5454},
  year={2016},
  organization={IEEE}
}

@book{nilsson1990logic,
  title={Logic, programming and Prolog},
  author={Nilsson, Ulf and Ma{\l}uszy{\'n}ski, Jan},
  year={1990},
  publisher={Wiley Chichester}
}

@article{miller2012geometric,
  title={A geometric approach to robotic laundry folding},
  author={Miller, Stephen and Van Den Berg, Jur and Fritz, Mario and Darrell, Trevor and Goldberg, Ken and Abbeel, Pieter},
  journal={The International Journal of Robotics Research},
  volume={31},
  number={2},
  pages={249--267},
  year={2012},
  publisher={SAGE Publications Sage UK: London, England}
}

@inproceedings{beetz2011robotic,
  title={Robotic roommates making pancakes},
  author={Beetz, Michael and Klank, Ulrich and Kresse, Ingo and Maldonado, Alexis and M{\"o}senlechner, Lorenz and Pangercic, Dejan and R{\"u}hr, Thomas and Tenorth, Moritz},
  booktitle={Humanoid Robots (Humanoids), 2011 11th IEEE-RAS International Conference on},
  pages={529--536},
  year={2011},
  organization={IEEE}
}

@inproceedings{rosenthal2010effective,
  title={An effective personal mobile robot agent through symbiotic human-robot interaction},
  author={Rosenthal, Stephanie and Biswas, Joydeep and Veloso, Manuela},
  booktitle={Proceedings of the 9th International Conference on Autonomous Agents and Multiagent Systems: volume 1-Volume 1},
  pages={915--922},
  year={2010},
  organization={International Foundation for Autonomous Agents and Multiagent Systems}
}

@inproceedings{rosenthal2012monte,
  title={Monte carlo preference elicitation for learning additive reward functions},
  author={Rosenthal, Stephanie and Veloso, Manuela},
  booktitle={RO-MAN, 2012 IEEE},
  pages={886--891},
  year={2012},
  organization={IEEE}
}

@inproceedings{veloso2015cobots,
  title={CoBots: Robust Symbiotic Autonomous Mobile Service Robots.},
  author={Veloso, Manuela M and Biswas, Joydeep and Coltin, Brian and Rosenthal, Stephanie},
  booktitle={IJCAI},
  year={2015}
}

@article{rosenthal2012someone,
  title={Is someone in this office available to help me?},
  author={Rosenthal, Stephanie and Veloso, Manuela and Dey, Anind K},
  journal={Journal of Intelligent \& Robotic Systems},
  volume={66},
  number={1},
  pages={205--221},
  year={2012},
  publisher={Springer}
}

@article{roque2016space,
  title={Space cobot: a collaborative aerial robot for indoor microgravity environments},
  author={Roque, Pedro and Ventura, Rodrigo},
  journal={IEEE/RSJ International Conference On Intelligent Robots And Systems (IROS)},
  year={2016}
}

@inproceedings{sato1995statistical,
    author = {Taisuke Sato},
    title = {A Statistical Learning Method for Logic Programs with Distribution Semantics},
    booktitle = {Proceedings of the 12th International Conference on Logic Programming (ICLPâ€™95},
    year = {1995},
    pages = {715--729},
    publisher = {MIT Press}
}

@article{gutmann2011magic,
  title={The magic of logical inference in probabilistic programming},
  author={Gutmann, Bernd and Thon, Ingo and Kimmig, Angelika and Bruynooghe, Maurice and De Raedt, Luc},
  journal={Theory and Practice of Logic Programming},
  volume={11},
  number={4-5},
  pages={663--680},
  year={2011},
  publisher={Cambridge University Press}
}

@article{lang2010planning,
  title={Planning with noisy probabilistic relational rules},
  author={Lang, Tobias and Toussaint, Marc},
  journal={Journal of Artificial Intelligence Research},
  volume={39},
  number={1},
  pages={1--49},
  year={2010}
}

@inproceedings{de2007problog,
  title={ProbLog: A Probabilistic Prolog and Its Application in Link Discovery.},
  author={De Raedt, Luc and Kimmig, Angelika and Toivonen, Hannu},
  booktitle={IJCAI},
  year={2007}
}

@inproceedings{van2010dtproblog,
  title={DTProbLog: A decision-theoretic probabilistic Prolog},
  author={Van den Broeck, Guy and Thon, Ingo and Van Otterlo, Martijn and De Raedt, Luc},
  booktitle={Proceedings of the twenty-fourth AAAI conference on artificial intelligence},
  pages={1217--1222},
  year={2010},
  organization={AAAI Press}
}

@article{milch20071,
  title={BLOG: Probabilistic models with unknown objects},
  author={Milch, Brian and Marthi, Bhaskara and Russell, Stuart and Sontag, David and Ong, Daniel L and Kolobov, Andrey},
  journal={Statistical relational learning},
  pages={373},
  year={2007}
}

@inproceedings{keller2012prost,
  title={PROST: Probabilistic Planning Based on UCT.},
  author={Keller, Thomas and Eyerich, Patrick},
  booktitle={ICAPS},
  year={2012}
}